{
  "leader": "04334cam a2200565Ia 4500",
  "fields": [
    {
      "001": "ocm31010489\\"
    },
    {
      "003": "OCoLC"
    },
    {
      "005": "20221228092732.0"
    },
    {
      "008": "940808s1995\\\\\\\\nyuaf\\\\\\\\b\\\\\\\\000\\0\\eng\\\\"
    },
    {
      "010": {
        "ind1": "\\",
        "ind2": "\\",
        "subfields": [
          {
            "a": "   94033837 "
          }
        ]
      }
    },
    {
      "040": {
        "ind1": "\\",
        "ind2": "\\",
        "subfields": [
          {
            "a": "DLC"
          },
          {
            "b": "eng"
          },
          {
            "c": "DLC"
          },
          {
            "d": "LDL"
          },
          {
            "d": "IAY"
          },
          {
            "d": "UKM"
          },
          {
            "d": "BAKER"
          },
          {
            "d": "BTCTA"
          },
          {
            "d": "YDXCP"
          },
          {
            "d": "HEBIS"
          },
          {
            "d": "UKV3G"
          },
          {
            "d": "NLGGC"
          },
          {
            "d": "UPM"
          },
          {
            "d": "DEBSZ"
          },
          {
            "d": "NIALS"
          },
          {
            "d": "CNCGM"
          },
          {
            "d": "OCLCQ"
          },
          {
            "d": "ZWZ"
          },
          {
            "d": "OCLCO"
          },
          {
            "d": "OCLCF"
          },
          {
            "d": "OCLCO"
          },
          {
            "d": "OCLCQ"
          },
          {
            "d": "LFM"
          },
          {
            "d": "OCL"
          },
          {
            "d": "OCLCQ"
          },
          {
            "d": "IPL"
          },
          {
            "d": "CEF"
          },
          {
            "d": "OCLCA"
          },
          {
            "d": "CPO"
          },
          {
            "d": "OCLCQ"
          },
          {
            "d": "OCLCO"
          },
          {
            "d": "MM9"
          },
          {
            "d": "OCLCQ"
          },
          {
            "d": "OCLCO"
          }
        ]
      }
    },
    {
      "019": {
        "ind1": "\\",
        "ind2": "\\",
        "subfields": [
          {
            "a": "32542730"
          },
          {
            "a": "60121531"
          },
          {
            "a": "747774298"
          },
          {
            "a": "1120805191"
          }
        ]
      }
    },
    {
      "020": {
        "ind1": "\\",
        "ind2": "\\",
        "subfields": [
          {
            "a": "0198182589"
          }
        ]
      }
    },
    {
      "020": {
        "ind1": "\\",
        "ind2": "\\",
        "subfields": [
          {
            "a": "9780198182580"
          }
        ]
      }
    },
    {
      "035": {
        "ind1": "\\",
        "ind2": "\\",
        "subfields": [
          {
            "a": "(OCoLC)31010489"
          },
          {
            "z": "(OCoLC)32542730"
          },
          {
            "z": "(OCoLC)60121531"
          },
          {
            "z": "(OCoLC)747774298"
          },
          {
            "z": "(OCoLC)1120805191"
          }
        ]
      }
    },
    {
      "043": {
        "ind1": "\\",
        "ind2": "\\",
        "subfields": [
          {
            "a": "nwtr---"
          }
        ]
      }
    },
    {
      "050": {
        "ind1": "0",
        "ind2": "0",
        "subfields": [
          {
            "a": "PN2440.T7"
          },
          {
            "b": "K56 1995"
          }
        ]
      }
    },
    {
      "082": {
        "ind1": "0",
        "ind2": "0",
        "subfields": [
          {
            "a": "792.0972983"
          },
          {
            "b": "KIN"
          }
        ]
      }
    },
    {
      "100": {
        "ind1": "1",
        "ind2": "\\",
        "subfields": [
          {
            "a": "King, Bruce,"
          },
          {
            "d": "1933-"
          }
        ]
      }
    },
    {
      "245": {
        "ind1": "1",
        "ind2": "0",
        "subfields": [
          {
            "a": "Derek Walcott and West Indian drama :"
          },
          {
            "b": "not only a playwright but a company, the Trinidad Theatre Workshop 1959-1993 /"
          },
          {
            "c": "Bruce King."
          }
        ]
      }
    },
    {
      "260": {
        "ind1": "\\",
        "ind2": "\\",
        "subfields": [
          {
            "a": "Oxford :"
          },
          {
            "b": "Clarendon Press ;"
          },
          {
            "a": "New York :"
          },
          {
            "b": "Oxford University,"
          },
          {
            "c": "1995."
          }
        ]
      }
    },
    {
      "300": {
        "ind1": "\\",
        "ind2": "\\",
        "subfields": [
          {
            "a": "xiv, 410 pages, 8 unnumbered pages of plates :"
          },
          {
            "b": "illustrations, portraits ;"
          },
          {
            "c": "23 cm"
          }
        ]
      }
    },
    {
      "336": {
        "ind1": "\\",
        "ind2": "\\",
        "subfields": [
          {
            "a": "text"
          },
          {
            "b": "txt"
          },
          {
            "2": "rdacontent"
          }
        ]
      }
    },
    {
      "337": {
        "ind1": "\\",
        "ind2": "\\",
        "subfields": [
          {
            "a": "unmediated"
          },
          {
            "b": "n"
          },
          {
            "2": "rdamedia"
          }
        ]
      }
    },
    {
      "338": {
        "ind1": "\\",
        "ind2": "\\",
        "subfields": [
          {
            "a": "volume"
          },
          {
            "b": "nc"
          },
          {
            "2": "rdacarrier"
          }
        ]
      }
    },
    {
      "500": {
        "ind1": "\\",
        "ind2": "\\",
        "subfields": [
          {
            "a": "\"I am not only a playwright but a company, Derek Walcott to Gordon Davidson, 13 May 1970.\""
          }
        ]
      }
    },
    {
      "504": {
        "ind1": "\\",
        "ind2": "\\",
        "subfields": [
          {
            "a": "Includes bibliographical references."
          }
        ]
      }
    },
    {
      "505": {
        "ind1": "0",
        "ind2": "\\",
        "subfields": [
          {
            "a": "pt. I. Roots 1948-1965. 1. Forming a Vision. 2. The Little Carib Theatre Workshop -- pt. II. The Great Years (West Indian Style) 1966-1976. 3. The Basement Theatre. The First Season. 4. Dream on Monkey Mountain in Canada. The First Tours. 5. Dream on Monkey Mountain. Henri Christophe. Homeless Again. The Five-Island Tour. 6. Dream in Connecticut and for NBC. 7. A New Ti-Jean. Black Power. Aquarius IV. 8. Ti-Jean and Dream in Jamaica. In A Fine Castle. 9. Ti-Jean in Central Park. Astor Johnson. Theatre Fifteen. Pieces One. 10. The Second Season. Franklin. The Charlatan. 11. An American Charlatan. A New Dream. A West Indian. The Joker of Seville. 12. The Joker Revised and on Tour. 13. O Babylon! Carifesta. TTW Dance Company. Walcott's Resignation -- pt. III. Separation and Reconciliation 1977-1993. 14. The Trinidad Theatre Workshop and Dance Company. 15. Pantomime. Remembrance. Marie Laveau. 16. The Last Carnival. A Branch of the Blue Nile. 17. Haytian Earth. Another New Dream. Another Branch. Another Franklin. 18. The Trinidad Theatre Workshop. 'Let Resurrection Come!'."
          }
        ]
      }
    },
    {
      "520": {
        "ind1": "1",
        "ind2": "\\",
        "subfields": [
          {
            "a": "\"Written at Derek Walcott's suggestion, and based on interviews with the playwright and actors, this is the first detailed study of a post-colonial theatre company and the problems of creating 'serious' theatre in the former colonies. The book shows how Walcott strove to create a world class theatre ensemble in the West Indies - a Trinidadian Brecht Berliner ensemble - and traces his life and career in West Indian theatre, and the history of the Trinidad Theatre Workshop.\"--Jacket."
          }
        ]
      }
    },
    {
      "610": {
        "ind1": "2",
        "ind2": "0",
        "subfields": [
          {
            "a": "Trinidad Theatre Workshop."
          }
        ]
      }
    },
    {
      "600": {
        "ind1": "1",
        "ind2": "0",
        "subfields": [
          {
            "a": "Walcott, Derek"
          },
          {
            "x": "Criticism and interpretation."
          }
        ]
      }
    },
    {
      "650": {
        "ind1": "\\",
        "ind2": "0",
        "subfields": [
          {
            "a": "Theater"
          },
          {
            "z": "Trinidad and Tobago"
          },
          {
            "x": "History"
          },
          {
            "y": "20th century."
          }
        ]
      }
    },
    {
      "650": {
        "ind1": "\\",
        "ind2": "0",
        "subfields": [
          {
            "a": "West Indian drama (English)"
          },
          {
            "x": "History and criticism."
          }
        ]
      }
    },
    {
      "651": {
        "ind1": "\\",
        "ind2": "0",
        "subfields": [
          {
            "a": "West Indies"
          },
          {
            "x": "In literature."
          }
        ]
      }
    },
    {
      "600": {
        "ind1": "1",
        "ind2": "7",
        "subfields": [
          {
            "a": "Walcott, Derek."
          },
          {
            "2": "fast"
          },
          {
            "0": "(OCoLC)fst00047854"
          }
        ]
      }
    },
    {
      "610": {
        "ind1": "2",
        "ind2": "7",
        "subfields": [
          {
            "a": "Trinidad Theatre Workshop."
          },
          {
            "2": "fast"
          },
          {
            "0": "(OCoLC)fst00699402"
          }
        ]
      }
    },
    {
      "650": {
        "ind1": "\\",
        "ind2": "7",
        "subfields": [
          {
            "a": "Literature."
          },
          {
            "2": "fast"
          },
          {
            "0": "(OCoLC)fst00999953"
          }
        ]
      }
    },
    {
      "650": {
        "ind1": "\\",
        "ind2": "7",
        "subfields": [
          {
            "a": "Theater."
          },
          {
            "2": "fast"
          },
          {
            "0": "(OCoLC)fst01149217"
          }
        ]
      }
    },
    {
      "650": {
        "ind1": "\\",
        "ind2": "7",
        "subfields": [
          {
            "a": "West Indian drama (English)"
          },
          {
            "2": "fast"
          },
          {
            "0": "(OCoLC)fst01173925"
          }
        ]
      }
    },
    {
      "651": {
        "ind1": "\\",
        "ind2": "7",
        "subfields": [
          {
            "a": "Trinidad and Tobago."
          },
          {
            "2": "fast"
          },
          {
            "0": "(OCoLC)fst01211577"
          }
        ]
      }
    },
    {
      "651": {
        "ind1": "\\",
        "ind2": "7",
        "subfields": [
          {
            "a": "West Indies."
          },
          {
            "2": "fast"
          },
          {
            "0": "(OCoLC)fst01243265"
          }
        ]
      }
    },
    {
      "648": {
        "ind1": "\\",
        "ind2": "7",
        "subfields": [
          {
            "a": "1900-1999"
          },
          {
            "2": "fast"
          }
        ]
      }
    },
    {
      "655": {
        "ind1": "\\",
        "ind2": "7",
        "subfields": [
          {
            "a": "Criticism, interpretation, etc."
          },
          {
            "2": "fast"
          },
          {
            "0": "(OCoLC)fst01411635"
          }
        ]
      }
    },
    {
      "655": {
        "ind1": "\\",
        "ind2": "7",
        "subfields": [
          {
            "a": "History."
          },
          {
            "2": "fast"
          },
          {
            "0": "(OCoLC)fst01411628"
          }
        ]
      }
    },
    {
      "776": {
        "ind1": "0",
        "ind2": "8",
        "subfields": [
          {
            "i": "Online version:"
          },
          {
            "a": "King, Bruce Alvin."
          },
          {
            "t": "Derek Walcott and West Indian drama."
          },
          {
            "d": "Oxford : Clarendon Press ; New York : Oxford University, 1995"
          },
          {
            "w": "(OCoLC)663294085"
          }
        ]
      }
    },
    {
      "856": {
        "ind1": "4",
        "ind2": "2",
        "subfields": [
          {
            "3": "Contributor biographical information"
          },
          {
            "u": "http://catdir.loc.gov/catdir/enhancements/fy0724/94033837-b.html"
          }
        ]
      }
    },
    {
      "856": {
        "ind1": "4",
        "ind2": "2",
        "subfields": [
          {
            "3": "Publisher description"
          },
          {
            "u": "http://catdir.loc.gov/catdir/enhancements/fy0637/94033837-d.html"
          }
        ]
      }
    },
    {
      "994": {
        "ind1": "\\",
        "ind2": "\\",
        "subfields": [
          {
            "a": "Z0"
          },
          {
            "b": "NYRVC"
          }
        ]
      }
    },
    {
      "948": {
        "ind1": "\\",
        "ind2": "\\",
        "subfields": [
          {
            "h": "NO HOLDINGS IN NYRVC - 370 OTHER HOLDINGS"
          }
        ]
      }
    },
    {
      "999": {
        "ind1": "\\",
        "ind2": "\\",
        "subfields": [
          {
            "a": "00000000010327"
          }
        ]
      }
    }
  ]
}